@BOOK
{
   etichetta,
   AUTHOR="AUTORE",
   TITLE="TITOLO",
   PUBLISHER="PUBBLICAZIONE",
   YEAR="ANNO",
   EDITION="EDIZIONE",
}

@ARTICLE
{
   etichetta1,
   AUTHOR="AUTORE",
   TITLE="TITOLO",
   JOURNAL="RIVISTA",
   YEAR="ANNO"
}

@misc
{
  test,
  author= "",
  title= "",
  howpublished= "",
  month= "",
  year= "",
  note= "",
  key= ""
}

@misc
{
  progmat1,
  author= "Alessandra Cellini",
  title= "Nucleo e Immagine di un Omomorfismo",
  howpublished= "http://progettomatematica.dm.unibo.it/Gruppi/sez35/fr2.htm",
  month= "",
  year= "",
  note= "",
  key= ""
}

@misc{
  coefbin,
  author= "Community",
  title= "Coefficiente binomiale",
  howpublished= "https://it.wikipedia.org/wiki/Coefficiente_binomiale",
  month= "",
  year= "",
  note= "",
  key= ""
}

@misc{
  combsempl,
  author= "Community",
  title= "Combinazioni semplici",
  howpublished= "https://it.wikipedia.org/wiki/Combinazione#Combinazioni_semplici",
  month= "",
  year= "",
  note= "",
  key= ""
}

@misc{
  assiomiprob,
  author= "unibo",
  title= "Definizione assiomatica o la teoria unificata di probabilit√†",
  howpublished= "http://progettomatematica.dm.unibo.it/ProbElem/8definiz.html",
  month= "",
  year= "",
  note= "",
  key= ""
}

@misc{
  calcprob,
  author= "",
  title= "",
  howpublished= "http://www.simone.it/catalogo/v43_a.pdf",
  month= "",
  year= "",
  note= "",
  key= ""
}